%YAML 1.1
%TAG !u! tag:unity3d.com,2011:
--- !u!95 &9053981283835518144
Animator:
  serializedVersion: 3
  m_ObjectHideFlags: 0
  m_CorrespondingSourceObject: {fileID: 0}
  m_PrefabInstance: {fileID: 0}
  m_PrefabAsset: {fileID: 0}
  m_GameObject: {fileID: 575123379661376824}
  m_Enabled: 1
  m_Avatar: {fileID: 0}
  m_Controller: {fileID: 9100000, guid: 0945b38ad2e205645b9894fb52403d56, type: 2}
  m_CullingMode: 0
  m_UpdateMode: 0
  m_ApplyRootMotion: 0
  m_LinearVelocityBlending: 0
  m_WarningMessage: 
  m_HasTransformHierarchy: 1
  m_AllowConstantClipSamplingOptimization: 1
  m_KeepAnimatorControllerStateOnDisable: 0
--- !u!114 &456130951602353373
MonoBehaviour:
  m_ObjectHideFlags: 0
  m_CorrespondingSourceObject: {fileID: 0}
  m_PrefabInstance: {fileID: 0}
  m_PrefabAsset: {fileID: 0}
  m_GameObject: {fileID: 575123379661376824}
  m_Enabled: 1
  m_EditorHideFlags: 0
  m_Script: {fileID: 11500000, guid: 1118e6a562ff54baab9e1abfe0201cf4, type: 3}
  m_Name: 
  m_EditorClassIdentifier: 
  agent: {fileID: 6967021015889474312}
  rb: {fileID: 3118378714193578178}
  animator: {fileID: 9053981283835518144}
  maxDistanceForBeingScared: 10
  maxDistanceForReachingGoal: 1
  stunnedDuration: 0.5
  roamingTimeout: 8
  walkRadius: 10
  runningSpeed: 5
  roamingSpeed: 1
  thresholdVelocityForEndingStun: 0.2
--- !u!95 &1027533275582942207
Animator:
  serializedVersion: 3
  m_ObjectHideFlags: 0
  m_CorrespondingSourceObject: {fileID: 0}
  m_PrefabInstance: {fileID: 0}
  m_PrefabAsset: {fileID: 0}
  m_GameObject: {fileID: 988961026231884193}
  m_Enabled: 1
  m_Avatar: {fileID: 0}
  m_Controller: {fileID: 9100000, guid: 597dbb979ffddbd44a79e3937d30a79c, type: 2}
  m_CullingMode: 0
  m_UpdateMode: 0
  m_ApplyRootMotion: 0
  m_LinearVelocityBlending: 0
  m_WarningMessage: 
  m_HasTransformHierarchy: 1
  m_AllowConstantClipSamplingOptimization: 1
  m_KeepAnimatorControllerStateOnDisable: 0
--- !u!114 &8163952087012574125
MonoBehaviour:
  m_ObjectHideFlags: 0
  m_CorrespondingSourceObject: {fileID: 0}
  m_PrefabInstance: {fileID: 0}
  m_PrefabAsset: {fileID: 0}
  m_GameObject: {fileID: 988961026231884193}
  m_Enabled: 1
  m_EditorHideFlags: 0
  m_Script: {fileID: 11500000, guid: b39d58c77b99d46e8bca49d87f6ba649, type: 3}
  m_Name: 
  m_EditorClassIdentifier: 
  agent: {fileID: 6967021015889474312}
  rb: {fileID: 3118378714193578178}
  animator: {fileID: 1027533275582942207}
  thinkingDuration: 2
  stunnedDuration: 2
  roamingSpeed: 1
--- !u!114 &914653512162356038
MonoBehaviour:
  m_ObjectHideFlags: 0
  m_CorrespondingSourceObject: {fileID: 0}
  m_PrefabInstance: {fileID: 0}
  m_PrefabAsset: {fileID: 0}
  m_GameObject: {fileID: 26591304015418044}
  m_Enabled: 1
  m_EditorHideFlags: 0
  m_Script: {fileID: 11500000, guid: 4e3c2ba8857a6478096cc8ff16976dec, type: 3}
  m_Name: 
  m_EditorClassIdentifier: 
  volumeOverrideBool: 1
  volumeOverride: 0
  pitchOverrideBool: 0
  pitchOverride: 0
  sounds:
  - name: Concrete1
    clip: {fileID: 8300000, guid: 9babcbf26a33d4871be9c8afb1b01528, type: 3}
    volume: 0.4
    pitch: 0.64
    spacial: 1
    loop: 0
    awakeBool: 0
    source: {fileID: 0}
  - name: Concrete2
    clip: {fileID: 8300000, guid: 674a9400b1b774ea08bd0e7e1ec37bd8, type: 3}
    volume: 0.4
    pitch: 0.64
    spacial: 0.77
    loop: 0
    awakeBool: 0
    source: {fileID: 0}
  - name: Concrete3
    clip: {fileID: 8300000, guid: 0c7280c2681e548668d8695842a5856b, type: 3}
    volume: 0.4
    pitch: 0.64
    spacial: 1
    loop: 0
    awakeBool: 0
    source: {fileID: 0}
  - name: Concrete4
    clip: {fileID: 8300000, guid: 2eeb0746012ac452b9219473f14173bb, type: 3}
    volume: 0.4
    pitch: 0.64
    spacial: 1
    loop: 0
    awakeBool: 0
    source: {fileID: 0}
  - name: Concrete5
    clip: {fileID: 8300000, guid: e6a03c312b8d748538cef40b531d9984, type: 3}
    volume: 0.4
    pitch: 0.64
    spacial: 1
    loop: 0
    awakeBool: 0
    source: {fileID: 0}
--- !u!114 &1818356482276741485
MonoBehaviour:
  m_ObjectHideFlags: 0
  m_CorrespondingSourceObject: {fileID: 0}
  m_PrefabInstance: {fileID: 0}
  m_PrefabAsset: {fileID: 0}
  m_GameObject: {fileID: 26591304015418044}
  m_Enabled: 1
  m_EditorHideFlags: 0
  m_Script: {fileID: 11500000, guid: d6731d33d9a8f4e92af164283696f276, type: 3}
  m_Name: 
  m_EditorClassIdentifier: 
  localAudio: {fileID: 914653512162356038}
  checktime: 0.59
  stepDist: 0.19
--- !u!1001 &575123379661343624
PrefabInstance:
  m_ObjectHideFlags: 0
  serializedVersion: 2
  m_Modification:
    m_TransformParent: {fileID: 26591304015418047}
    m_Modifications:
    - target: {fileID: 100016, guid: e1eeac2e4d182e440922bc84dfaf1325, type: 3}
      propertyPath: m_Name
      value: People1
      objectReference: {fileID: 0}
    - target: {fileID: 100016, guid: e1eeac2e4d182e440922bc84dfaf1325, type: 3}
      propertyPath: m_IsActive
      value: 0
      objectReference: {fileID: 0}
    - target: {fileID: 400016, guid: e1eeac2e4d182e440922bc84dfaf1325, type: 3}
      propertyPath: m_LocalPosition.x
      value: 0
      objectReference: {fileID: 0}
    - target: {fileID: 400016, guid: e1eeac2e4d182e440922bc84dfaf1325, type: 3}
      propertyPath: m_LocalPosition.y
      value: 0
      objectReference: {fileID: 0}
    - target: {fileID: 400016, guid: e1eeac2e4d182e440922bc84dfaf1325, type: 3}
      propertyPath: m_LocalPosition.z
      value: 0
      objectReference: {fileID: 0}
    - target: {fileID: 400016, guid: e1eeac2e4d182e440922bc84dfaf1325, type: 3}
      propertyPath: m_LocalRotation.x
      value: 0
      objectReference: {fileID: 0}
    - target: {fileID: 400016, guid: e1eeac2e4d182e440922bc84dfaf1325, type: 3}
      propertyPath: m_LocalRotation.y
      value: 0.7071068
      objectReference: {fileID: 0}
    - target: {fileID: 400016, guid: e1eeac2e4d182e440922bc84dfaf1325, type: 3}
      propertyPath: m_LocalRotation.z
      value: 0
      objectReference: {fileID: 0}
    - target: {fileID: 400016, guid: e1eeac2e4d182e440922bc84dfaf1325, type: 3}
      propertyPath: m_LocalRotation.w
      value: 0.7071068
      objectReference: {fileID: 0}
    - target: {fileID: 400016, guid: e1eeac2e4d182e440922bc84dfaf1325, type: 3}
      propertyPath: m_RootOrder
      value: 1
      objectReference: {fileID: 0}
    - target: {fileID: 400016, guid: e1eeac2e4d182e440922bc84dfaf1325, type: 3}
      propertyPath: m_LocalEulerAnglesHint.x
      value: 0
      objectReference: {fileID: 0}
    - target: {fileID: 400016, guid: e1eeac2e4d182e440922bc84dfaf1325, type: 3}
      propertyPath: m_LocalEulerAnglesHint.y
      value: 90
      objectReference: {fileID: 0}
    - target: {fileID: 400016, guid: e1eeac2e4d182e440922bc84dfaf1325, type: 3}
      propertyPath: m_LocalEulerAnglesHint.z
      value: 0
      objectReference: {fileID: 0}
    m_RemovedComponents: []
  m_SourcePrefab: {fileID: 100100000, guid: e1eeac2e4d182e440922bc84dfaf1325, type: 3}
--- !u!1 &575123379661376824 stripped
GameObject:
  m_CorrespondingSourceObject: {fileID: 100016, guid: e1eeac2e4d182e440922bc84dfaf1325,
    type: 3}
  m_PrefabInstance: {fileID: 575123379661343624}
  m_PrefabAsset: {fileID: 0}
--- !u!1001 &988961026231787287
PrefabInstance:
  m_ObjectHideFlags: 0
  serializedVersion: 2
  m_Modification:
    m_TransformParent: {fileID: 26591304015418047}
    m_Modifications:
    - target: {fileID: 100022, guid: 416501f44c4924aa4a73a4613d50746f, type: 3}
      propertyPath: m_Name
      value: Zombie2
      objectReference: {fileID: 0}
    - target: {fileID: 400022, guid: 416501f44c4924aa4a73a4613d50746f, type: 3}
      propertyPath: m_LocalPosition.x
      value: 0
      objectReference: {fileID: 0}
    - target: {fileID: 400022, guid: 416501f44c4924aa4a73a4613d50746f, type: 3}
      propertyPath: m_LocalPosition.y
      value: 0
      objectReference: {fileID: 0}
    - target: {fileID: 400022, guid: 416501f44c4924aa4a73a4613d50746f, type: 3}
      propertyPath: m_LocalPosition.z
      value: 0
      objectReference: {fileID: 0}
    - target: {fileID: 400022, guid: 416501f44c4924aa4a73a4613d50746f, type: 3}
      propertyPath: m_LocalRotation.x
      value: 0
      objectReference: {fileID: 0}
    - target: {fileID: 400022, guid: 416501f44c4924aa4a73a4613d50746f, type: 3}
      propertyPath: m_LocalRotation.y
      value: 0.7071068
      objectReference: {fileID: 0}
    - target: {fileID: 400022, guid: 416501f44c4924aa4a73a4613d50746f, type: 3}
      propertyPath: m_LocalRotation.z
      value: 0
      objectReference: {fileID: 0}
    - target: {fileID: 400022, guid: 416501f44c4924aa4a73a4613d50746f, type: 3}
      propertyPath: m_LocalRotation.w
      value: 0.7071068
      objectReference: {fileID: 0}
    - target: {fileID: 400022, guid: 416501f44c4924aa4a73a4613d50746f, type: 3}
      propertyPath: m_RootOrder
      value: 2
      objectReference: {fileID: 0}
    - target: {fileID: 400022, guid: 416501f44c4924aa4a73a4613d50746f, type: 3}
      propertyPath: m_LocalEulerAnglesHint.x
      value: 0
      objectReference: {fileID: 0}
    - target: {fileID: 400022, guid: 416501f44c4924aa4a73a4613d50746f, type: 3}
      propertyPath: m_LocalEulerAnglesHint.y
      value: 90
      objectReference: {fileID: 0}
    - target: {fileID: 400022, guid: 416501f44c4924aa4a73a4613d50746f, type: 3}
      propertyPath: m_LocalEulerAnglesHint.z
      value: 0
      objectReference: {fileID: 0}
    m_RemovedComponents: []
  m_SourcePrefab: {fileID: 100100000, guid: 416501f44c4924aa4a73a4613d50746f, type: 3}
--- !u!1 &988961026231884193 stripped
GameObject:
  m_CorrespondingSourceObject: {fileID: 100022, guid: 416501f44c4924aa4a73a4613d50746f,
    type: 3}
  m_PrefabInstance: {fileID: 988961026231787287}
  m_PrefabAsset: {fileID: 0}
--- !u!1001 &1566569763846950790
PrefabInstance:
  m_ObjectHideFlags: 0
  serializedVersion: 2
  m_Modification:
    m_TransformParent: {fileID: 0}
    m_Modifications:
    - target: {fileID: 1577361855578578234, guid: 7c5358de8cfdd4d4aa1e8987eade9b7b,
        type: 3}
      propertyPath: m_Name
      value: ZombieZeroedMale
      objectReference: {fileID: 0}
    - target: {fileID: 1577361855578578233, guid: 7c5358de8cfdd4d4aa1e8987eade9b7b,
        type: 3}
      propertyPath: m_LocalPosition.x
      value: -13.39
      objectReference: {fileID: 0}
    - target: {fileID: 1577361855578578233, guid: 7c5358de8cfdd4d4aa1e8987eade9b7b,
        type: 3}
      propertyPath: m_LocalPosition.y
      value: 0.5
      objectReference: {fileID: 0}
    - target: {fileID: 1577361855578578233, guid: 7c5358de8cfdd4d4aa1e8987eade9b7b,
        type: 3}
      propertyPath: m_LocalPosition.z
      value: 3.06
      objectReference: {fileID: 0}
    - target: {fileID: 1577361855578578233, guid: 7c5358de8cfdd4d4aa1e8987eade9b7b,
        type: 3}
      propertyPath: m_LocalRotation.x
      value: -0
      objectReference: {fileID: 0}
    - target: {fileID: 1577361855578578233, guid: 7c5358de8cfdd4d4aa1e8987eade9b7b,
        type: 3}
      propertyPath: m_LocalRotation.y
      value: -0
      objectReference: {fileID: 0}
    - target: {fileID: 1577361855578578233, guid: 7c5358de8cfdd4d4aa1e8987eade9b7b,
        type: 3}
      propertyPath: m_LocalRotation.z
      value: -0
      objectReference: {fileID: 0}
    - target: {fileID: 1577361855578578233, guid: 7c5358de8cfdd4d4aa1e8987eade9b7b,
        type: 3}
      propertyPath: m_LocalRotation.w
      value: 1
      objectReference: {fileID: 0}
    - target: {fileID: 1577361855578578233, guid: 7c5358de8cfdd4d4aa1e8987eade9b7b,
        type: 3}
      propertyPath: m_RootOrder
      value: 0
      objectReference: {fileID: 0}
    - target: {fileID: 1577361855578578233, guid: 7c5358de8cfdd4d4aa1e8987eade9b7b,
        type: 3}
      propertyPath: m_LocalEulerAnglesHint.x
      value: 0
      objectReference: {fileID: 0}
    - target: {fileID: 1577361855578578233, guid: 7c5358de8cfdd4d4aa1e8987eade9b7b,
        type: 3}
      propertyPath: m_LocalEulerAnglesHint.y
      value: 0
      objectReference: {fileID: 0}
    - target: {fileID: 1577361855578578233, guid: 7c5358de8cfdd4d4aa1e8987eade9b7b,
        type: 3}
      propertyPath: m_LocalEulerAnglesHint.z
      value: 0
      objectReference: {fileID: 0}
    - target: {fileID: 3939100760889666216, guid: 7c5358de8cfdd4d4aa1e8987eade9b7b,
        type: 3}
      propertyPath: m_RootOrder
      value: 0
      objectReference: {fileID: 0}
    - target: {fileID: 773861257029297799, guid: 7c5358de8cfdd4d4aa1e8987eade9b7b,
        type: 3}
      propertyPath: localAudio
      value: 
      objectReference: {fileID: 2620190259839189798}
    - target: {fileID: 773861257029297799, guid: 7c5358de8cfdd4d4aa1e8987eade9b7b,
        type: 3}
      propertyPath: zombie
      value: 
      objectReference: {fileID: 9175296435296097877}
    - target: {fileID: 7703584840302221779, guid: 7c5358de8cfdd4d4aa1e8987eade9b7b,
        type: 3}
      propertyPath: healthyVersion
      value: 
      objectReference: {fileID: 575123379661376824}
    - target: {fileID: 7703584840302221779, guid: 7c5358de8cfdd4d4aa1e8987eade9b7b,
        type: 3}
      propertyPath: zombieVersion
      value: 
      objectReference: {fileID: 988961026231884193}
    - target: {fileID: 7703584840302221779, guid: 7c5358de8cfdd4d4aa1e8987eade9b7b,
        type: 3}
      propertyPath: friendlyBrain
      value: 
      objectReference: {fileID: 456130951602353373}
    - target: {fileID: 7703584840302221779, guid: 7c5358de8cfdd4d4aa1e8987eade9b7b,
        type: 3}
      propertyPath: enemyBrain
      value: 
      objectReference: {fileID: 8163952087012574125}
    m_RemovedComponents: []
  m_SourcePrefab: {fileID: 100100000, guid: 7c5358de8cfdd4d4aa1e8987eade9b7b, type: 3}
--- !u!1 &26591304015418044 stripped
GameObject:
  m_CorrespondingSourceObject: {fileID: 1577361855578578234, guid: 7c5358de8cfdd4d4aa1e8987eade9b7b,
    type: 3}
  m_PrefabInstance: {fileID: 1566569763846950790}
  m_PrefabAsset: {fileID: 0}
--- !u!4 &26591304015418047 stripped
Transform:
  m_CorrespondingSourceObject: {fileID: 1577361855578578233, guid: 7c5358de8cfdd4d4aa1e8987eade9b7b,
    type: 3}
  m_PrefabInstance: {fileID: 1566569763846950790}
  m_PrefabAsset: {fileID: 0}
--- !u!114 &9175296435296097877 stripped
MonoBehaviour:
  m_CorrespondingSourceObject: {fileID: 7703584840302221779, guid: 7c5358de8cfdd4d4aa1e8987eade9b7b,
    type: 3}
  m_PrefabInstance: {fileID: 1566569763846950790}
  m_PrefabAsset: {fileID: 0}
  m_GameObject: {fileID: 26591304015418044}
  m_Enabled: 1
  m_EditorHideFlags: 0
  m_Script: {fileID: 11500000, guid: fe9c9df73e1544627aa331fb2434c2a3, type: 3}
  m_Name: 
  m_EditorClassIdentifier: 
--- !u!54 &3118378714193578178 stripped
Rigidbody:
  m_CorrespondingSourceObject: {fileID: 4538262888381597508, guid: 7c5358de8cfdd4d4aa1e8987eade9b7b,
    type: 3}
  m_PrefabInstance: {fileID: 1566569763846950790}
  m_PrefabAsset: {fileID: 0}
--- !u!195 &6967021015889474312 stripped
NavMeshAgent:
  m_CorrespondingSourceObject: {fileID: 8435882383092415630, guid: 7c5358de8cfdd4d4aa1e8987eade9b7b,
    type: 3}
  m_PrefabInstance: {fileID: 1566569763846950790}
  m_PrefabAsset: {fileID: 0}
--- !u!114 &2620190259839189798 stripped
MonoBehaviour:
  m_CorrespondingSourceObject: {fileID: 3594254921166245024, guid: 7c5358de8cfdd4d4aa1e8987eade9b7b,
    type: 3}
  m_PrefabInstance: {fileID: 1566569763846950790}
  m_PrefabAsset: {fileID: 0}
  m_GameObject: {fileID: 26591304015418044}
  m_Enabled: 1
  m_EditorHideFlags: 0
  m_Script: {fileID: 11500000, guid: 4e3c2ba8857a6478096cc8ff16976dec, type: 3}
  m_Name: 
  m_EditorClassIdentifier: 
